@misc{kak2002principles,
  title={Principles of computerized tomographic imaging},
  author={Kak, Avinash C and Slaney, Malcolm and Wang, Ge},
  year={2002},
  publisher={Wiley Online Library}
}

@inproceedings{ramesh1989algorithm,
  title={An algorithm for computing the discrete Radon transform with some applications},
  author={Ramesh, GR and Srinivasa, N and Rajgopal, K},
  booktitle={Fourth IEEE Region 10 International Conference TENCON},
  pages={78--81},
  year={1989},
  organization={IEEE}
}